<?xml version="1.0" encoding="UTF-8"?><collection xmlns="http://www.loc.gov/MARC21/slim"><record><leader>00344nam--2200133-i-4500</leader><controlfield tag="001">000047567</controlfield><controlfield tag="002">20161230</controlfield><controlfield tag="005">20161230201046</controlfield><controlfield tag="008">060222s1000------------r-----000-0-eng-d</controlfield><datafield ind1=" " ind2=" " tag="080"><subfield code="a">669.15</subfield></datafield><datafield ind1=" " ind2=" " tag="100"><subfield code="a">Williams, Gordon T</subfield></datafield><datafield ind1=" " ind2=" " tag="245"><subfield code="a">What steel shall i use?</subfield></datafield><datafield ind1=" " ind2=" " tag="260"><subfield code="a">Cleveland, Ohio, American Society For Metals, 1941, Iv+213p</subfield></datafield><datafield ind1=" " ind2=" " tag="852"><subfield code="a">5119</subfield></datafield></record></collection>